@website{DecodeChess_2022, title={About DecodeChess}, url={https://decodechess.com/about/}, journal={DecodeChess}, year={2022}, month={Jan}} 