@online{DecodeChess_2022, title={About DecodeChess}, url={https://decodechess.com/about/}, author={DecodeChess}, year={2022}, month={Jan}} 
@online{CCRL_Ratings, title={CCRL - Index}, url={https://computerchess.org.uk/ccrl/404/}, author={CCRL}, year={2024}, month={March}}